@article{pmid:21394130,
	title	= {{New levels of silliness.}},
	author	= {Scott, J},
	journal	= {British dental journal},
	journal-iso	= {Br Dent J},
	volume	= {210},
	number	= {5},
	year	= {2011},
	month	= {Mar},
	doi	= {10.1038/sj.bdj.2011.152},
	pmid	= {21394130}
}

@article{pmid:10333997,
	title	= {{Involuntary laughter and inappropriate hilarity.}},
	author	= {Mendez, M F and Nakawatase, T V and Brown, C V},
	journal	= {The Journal of neuropsychiatry and clinical neurosciences},
	journal-iso	= {J Neuropsychiatry Clin Neurosci},
	volume	= {11},
	number	= {2},
	year	= {1999},
	pages	= {253--8},
	pmid	= {10333997}
}
