@article{Rich2014,
    title = {{A Survey of Makerspaces in Academic Libraries}},
    year = {2014},
    journal = {UNC Chapel Hill Theses},
    author = {Rich, Samantha N},
    keywords = {Academic libraries -- Research Library surveys Tec}
}

@article{Herron2017,
    title = {{A University-Wide Collaborative Effort to Designing a Makerspace at an Academic Health Sciences Library}},
    year = {2017},
    journal = {Medical Reference Services Quarterly},
    author = {Herron, Jennifer and Kaneshiro, Kellie},
    doi = {10.1080/02763869.2017.1259878},
    issn = {0276-3869}
}

@article{Moorefield-Lang2015,
    title = {{Change in the Making: Makerspaces and the Ever-Changing Landscape of Libraries}},
    year = {2015},
    journal = {TechTrends},
    author = {Moorefield-Lang, Heather},
    isbn = {8756-3894},
    doi = {10.1007/s11528-015-0860-z},
    issn = {87563894},
    keywords = {librarians, library services, library training, makerspaces, pre-service librarians, schools of library and information science}
}

@article{Elrod2016a,
    title = {{Classroom innovation through 3D printing}},
    year = {2016},
    journal = {Library Hi Tech News},
    author = {Elrod, Rachael E.},
    number = {3},
    month = {5},
    pages = {5--7},
    volume = {33},
    publisher = {Emerald Group Publishing Limited},
    url = {http://www.emeraldinsight.com/doi/abs/10.1108/LHTN-12-2015-0085?af=R},
    doi = {10.1108/LHTN-12-2015-0085},
    keywords = {3D printing},
    language = {en}
}

@article{Pryor2014,
    title = {{Implementing a 3D Printing Service in an Academic Library}},
    year = {2014},
    journal = {Journal of Library Administration},
    author = {Pryor, Steven},
    pages = {1--10},
    volume = {54}
}

@article{Wong2016,
    title = {{Making as Learning: Makerspaces in Universities}},
    year = {2016},
    journal = {Australian Academic {\&} Research Libraries},
    author = {Wong, Anne and Partridge, Helen},
    number = {3},
    pages = {143},
    volume = {47}
}

@article{Burke,
    title = {{Making Sense: Can Makerspaces Work in Academic Libraries?}},
    author = {Burke, John}
}

@incollection{White2016,
    title = {{The Library as a Center for Innovation}},
    year = {2016},
    booktitle = {Space and Organizational Considerations in Academic Library Partnerships and },
    author = {White, Gary}
}

@article{Wang2016,
    title = {{The State of Library Makerspaces}},
    year = {2016},
    journal = {Journal International Journal of Librarianship INTERNATIONAL JOURNAL OF LIBRARIANSHIP},
    author = {Wang, Fangmin and Wang, Weina and Wilson, Sally and Ahmed, Namir},
    number = {11},
    pages = {2474--3542},
    volume = {1},
    url = {http://ojs.calaijol.org/index.php/ijol/about/submissions},
    keywords = {digital, learning, library, maker, makerspace, technologies}
}

@article{Moorefield-Lang2015a,
    title = {{User agreements and makerspaces: a content analysis}},
    year = {2015},
    journal = {New Library World},
    author = {Moorefield-Lang, Heather Michele},
    isbn = {03074803},
    doi = {10.1108/NLW-12-2014-0144},
    issn = {03074803},
    pmid = {103278232},
    keywords = {Library users -- Research Public libraries -- Rese}
}

@article{Fourie2015,
    title = {{What to make of makerspaces}},
    year = {2015},
    journal = {Library Hi Tech},
    author = {Fourie, Ina and Meyer, Anika},
    isbn = {0920140084},
    doi = {10.1108/LHT-09-2015-0092},
    issn = {07378831},
    pmid = {110791454},
    keywords = {5200:Communications {\&} information management, 9130:Experimental/theoretical, Academic libraries, Books, Collaboration, Embedded librarianship, Information literacy, Information sources, Learning commons, Librarians, Library And Information Sciences--Computer Applica, Library and information science, Mutation, Public buildings, STEM education}
}

@article{McTavish2009IContexts,
    title = {{'I get my facts from the Internet': A case study of the teaching and learning of information literacy in in-school and out-of-school contexts}},
    year = {2009},
    journal = {Journal of Early Childhood Literacy},
    author = {McTavish, M.},
    number = {3},
    pages = {3--28},
    volume = {9},
    keywords = {hegemony, home and school, literacy development, literacy practices, new}
}

@article{Gawalt2011AStudents,
    title = {{A Chemical Information Literacy Program for First-Year Students}},
    year = {2011},
    journal = {Journal of Chemical Education},
    author = {Gawalt, Ellen S. and Adams, Barbara},
    number = {4},
    month = {4},
    pages = {402--407},
    volume = {88},
    url = {http://pubs.acs.org/doi/abs/10.1021/ed100625n},
    doi = {10.1021/ed100625n},
    issn = {0021-9584}
}

@article{Gawalt2011AStudentsb,
    title = {{A Chemical Information Literacy Program for First-Year Students}},
    year = {2011},
    journal = {Journal of Chemical Education},
    author = {Gawalt, Ellen S. and Adams, Barbara},
    number = {4},
    month = {4},
    pages = {402--407},
    volume = {88},
    url = {http://pubs.acs.org/doi/abs/10.1021/ed100625n},
    doi = {10.1021/ed100625n},
    issn = {0021-9584}
}

@article{Hoffman2006ALearning,
    title = {{A clicker for your thoughts: Technology for active learning}},
    year = {2006},
    journal = {New Library World},
    author = {Hoffman, Christina and Goodwin, Susan},
    number = {1228/1229},
    pages = {422--433},
    volume = {107},
    keywords = {academic libraries, information, learning, literacy, paper type case study, students, united states of america}
}

@article{Hoffman2006ALearningb,
    title = {{A clicker for your thoughts: Technology for active learning}},
    year = {2006},
    journal = {New Library World},
    author = {Hoffman, Christina and Goodwin, Susan},
    number = {1228/1229},
    pages = {422--433},
    volume = {107},
    keywords = {academic libraries, information, learning, literacy, paper type case study, students, united states of america}
}

@article{Plutchak2016ALibrary,
    title = {{A Librarian Out of the Library}},
    year = {2016},
    journal = {Journal of eScience Librarianship},
    author = {Plutchak, T. Scott},
    number = {1},
    month = {10},
    pages = {e1106},
    volume = {5},
    url = {http://escholarship.umassmed.edu/jeslib/vol5/iss1/7/},
    doi = {10.7191/jeslib.2016.1106},
    issn = {21613974}
}

@article{Junisbai2016ACollaboration,
    title = {{A Pragmatic and Flexible Approach to Information Literacy: Findings from a Three-Year Study of Faculty-Librarian Collaboration}},
    year = {2016},
    journal = {The Journal of Academic Librarianship},
    author = {Junisbai, Barbara and Lowe, M. Sara and Tagge, Natalie},
    number = {5},
    month = {7},
    pages = {604--611},
    volume = {42},
    url = {http://www.sciencedirect.com/science/article/pii/S0099133316301379},
    doi = {10.1016/j.acalib.2016.07.001},
    issn = {00991333},
    keywords = {Faculty-librarian collaboration, First-year seminars, First-year students, Information literacy, Research skills}
}

@article{Millet2003ARelationships,
    title = {{A Product of Social Interaction: Tag-Team Reference and Workplace Relationships}},
    year = {2003},
    author = {Millet, Michelle S},
    number = {83},
    pages = {23--31},
    volume = {84},
    publisher = {The Haworth Press, Inc},
    keywords = {Interpersonal relations, col-laboration, competition, reference, social interaction}
}

@article{Kultawanich2015AStudents,
    title = {{A Proposed Model of Connectivism Learning Using Cloud-based Virtual Classroom to Enhance Information Literacy and Information Literacy Self-efficacy for Undergraduate Students}},
    year = {2015},
    journal = {Procedia - Social and Behavioral Sciences},
    author = {Kultawanich, Kulachai and Koraneekij, Prakob and Na-Songkhla, Jaitip},
    pages = {87--92},
    volume = {191},
    url = {http://www.sciencedirect.com/science/article/pii/S1877042815026543},
    isbn = {6608148887},
    doi = {10.1016/j.sbspro.2015.04.394},
    issn = {18770428},
    keywords = {Cloud Service, Connectivism, Information Literacy, Information Literacy Self-efficacy, Virtual Classroom}
}

@article{Kultawanich2015AStudentsb,
    title = {{A Proposed Model of Connectivism Learning Using Cloud-based Virtual Classroom to Enhance Information Literacy and Information Literacy Self-efficacy for Undergraduate Students}},
    year = {2015},
    journal = {Procedia - Social and Behavioral Sciences},
    author = {Kultawanich, Kulachai and Koraneekij, Prakob and Na-Songkhla, Jaitip},
    pages = {87--92},
    volume = {191},
    url = {http://www.sciencedirect.com/science/article/pii/S1877042815026543},
    isbn = {6608148887},
    doi = {10.1016/j.sbspro.2015.04.394},
    issn = {18770428},
    keywords = {Cloud Service, Connectivism, Information Literacy, Information Literacy Self-efficacy, Virtual Classroom}
}

@article{Kultawanich2015AStudentsc,
    title = {{A Proposed Model of Connectivism Learning Using Cloud-based Virtual Classroom to Enhance Information Literacy and Information Literacy Self-efficacy for Undergraduate Students}},
    year = {2015},
    journal = {Procedia - Social and Behavioral Sciences},
    author = {Kultawanich, Kulachai and Koraneekij, Prakob and Na-Songkhla, Jaitip},
    pages = {87--92},
    volume = {191},
    url = {http://www.sciencedirect.com/science/article/pii/S1877042815026543},
    isbn = {6608148887},
    doi = {10.1016/j.sbspro.2015.04.394},
    issn = {18770428},
    keywords = {Cloud Service, Connectivism, Information Literacy, Information Literacy Self-efficacy, Virtual Classroom}
}

@article{Tomaszewski2011AStudy,
    title = {{A Science Librarian in the Laboratory: A Case Study}},
    year = {2011},
    journal = {Journal of Chemical Education},
    author = {Tomaszewski, Robert},
    number = {6},
    month = {6},
    pages = {755--760},
    volume = {88},
    publisher = {American Chemical Society and Division of Chemical Education, Inc.},
    url = {http://pubs.acs.org/doi/abs/10.1021/ed1000735},
    doi = {10.1021/ed1000735},
    issn = {0021-9584},
    keywords = {Curriculum, Inquiry-Based/Discovery Learning, Internet/Web-Based Learning, Laboratory Instruction, Organic Chemistry, Physical Properties, Student-Centered Learning, Upper-Division Undergraduate}
}

@article{Tomaszewski2011AStudyb,
    title = {{A Science Librarian in the Laboratory: A Case Study}},
    year = {2011},
    journal = {Journal of Chemical Education},
    author = {Tomaszewski, Robert},
    number = {6},
    month = {6},
    pages = {755--760},
    volume = {88},
    publisher = {American Chemical Society and Division of Chemical Education, Inc.},
    url = {http://pubs.acs.org/doi/abs/10.1021/ed1000735},
    doi = {10.1021/ed1000735},
    issn = {0021-9584},
    keywords = {Curriculum, Inquiry-Based/Discovery Learning, Internet/Web-Based Learning, Laboratory Instruction, Organic Chemistry, Physical Properties, Student-Centered Learning, Upper-Division Undergraduate}
}

@article{Kennedy2012AcademicCapabilities,
    title = {{Academic librarian research: a survey of attitudes, involvement, and perceived capabilities}},
    year = {2012},
    journal = {College {\&} Research Libraries},
    author = {Kennedy, Marie R. and Brancolini, Kristine R.},
    pages = {431--448},
    volume = {73},
    url = {http://crl.acrl.org/content/73/5/431%5Cnhttp://crl.acrl.org/content/73/5/431.abstract%5Cnhttp://crl.acrl.org/content/73/5/431.full.pdf}
}

@article{Tenopir2013AcademicAttitudes,
    title = {{Academic librarians and research data services: preparation and attitudes}},
    shorttitle = {Academic librarians and research data services},
    year = {2013},
    journal = {IFLA Journal},
    author = {Tenopir, Carol and Sandusky, Robert J. and Allard, Suzie and Birch, Ben},
    number = {1},
    month = {3},
    pages = {70--78},
    volume = {39},
    url = {http://search.ebscohost.com/login.aspx?direct=true&db=lls&AN=86386504&site=ehost-live&scope=cite}
}

@article{Tenopir2013AcademicAttitudesb,
    title = {{Academic librarians and research data services: preparation and attitudes}},
    shorttitle = {Academic librarians and research data services},
    year = {2013},
    journal = {IFLA Journal},
    author = {Tenopir, Carol and Sandusky, Robert J. and Allard, Suzie and Birch, Ben},
    number = {1},
    month = {3},
    pages = {70--78},
    volume = {39},
    url = {http://search.ebscohost.com/login.aspx?direct=true&db=lls&AN=86386504&site=ehost-live&scope=cite}
}

@article{Zohoorian-Fooladi2013AcademicDeterrents,
    title = {{Academic librarians and their social media presence: a story of motivations and deterrents}},
    year = {2013},
    journal = {Information Development},
    author = {Zohoorian-Fooladi, Niusha and Abrizah, A.},
    number = {2},
    pages = {159--171},
    volume = {30},
    keywords = {Library 2.0, Malaysia, Web 2.0, academic librarians, social media presence, social networking tools}
}

@article{Vix2012AcademicRights,
    title = {{Academic librarians: Status, privileges, and rights}},
    year = {2012},
    journal = {Journal of Academic Librarianship},
    author = {Vix, Heidi M. and Buckman, Kathie M.},
    number = {1},
    month = {1},
    pages = {20--25},
    volume = {38}
}

@article{Connell2009AcademicOpinion,
    title = {{Academic Libraries, Facebook and MySpace, and Student Outreach: A Survey of Student Opinion}},
    year = {2009},
    author = {Connell, Ruth Sara},
    number = {1},
    pages = {25--36},
    volume = {9}
}

@article{Sullo2014AcademicResearch,
    title = {{Academic library administrators perceive value in their librarians' research}},
    year = {2014},
    journal = {Evidence Based Library and Information Practice},
    author = {Sullo, Elaine},
    number = {3},
    pages = {89--91},
    volume = {9},
    publisher = {University of Alberta}
}

@article{Diehm2012ApproachesStudy,
    title = {{Approaches to Learning Information Literacy: A Phenomenographic Study}},
    year = {2012},
    journal = {The Journal of Academic Librarianship},
    author = {Diehm, Rae-Anne and Lupton, Mandy},
    number = {4},
    pages = {217--225},
    volume = {38},
    url = {http://www.sciencedirect.com/science/article/pii/S0099133312000754}
}

@article{Diehm2012ApproachesStudyb,
    title = {{Approaches to Learning Information Literacy: A Phenomenographic Study}},
    year = {2012},
    journal = {The Journal of Academic Librarianship},
    author = {Diehm, Rae-Anne and Lupton, Mandy},
    number = {4},
    pages = {217--225},
    volume = {38},
    url = {http://www.sciencedirect.com/science/article/pii/S0099133312000754}
}

@article{Gullbekk2016AptCommunication,
    title = {{Apt information literacy? A case of interdisciplinary scholarly communication}},
    year = {2016},
    journal = {Journal of Documentation},
    author = {Gullbekk, Eystein},
    number = {4},
    volume = {72},
    isbn = {0001253111116},
    doi = {10.1108/JDOC-08-2015-0101},
    issn = {0022-0418}
}

@article{Fitzgibbons2010AreFunction,
    title = {{Are Bibliographic Management Software Search Interfaces Reliable?: A Comparison between Search Results Obtained Using Database Interfaces and the EndNote Online Search Function}},
    year = {2010},
    journal = {Journal of Academic Librarianship},
    author = {Fitzgibbons, Megan and Meert, Deborah},
    number = {2},
    month = {3},
    pages = {144--150},
    volume = {36}
}

@article{Fong2016AssessingStudents,
    title = {{Assessing and Serving the Workshop Needs of Graduate Students}},
    year = {2016},
    journal = {The Journal of Academic Librarianship},
    author = {Fong, Bonnie L. and Wang, Minglu and White, Krista and Tipton, Roberta},
    number = {5},
    month = {9},
    pages = {569--580},
    volume = {42},
    url = {http://www.sciencedirect.com/science/article/pii/S0099133316300751},
    doi = {10.1016/j.acalib.2016.06.003},
    issn = {00991333},
    keywords = {Campus partners, Disciplinary differences, Graduate program directors, Graduate students, Needs assessment, Workshops}
}

@article{Fong2016AssessingStudentsb,
    title = {{Assessing and Serving the Workshop Needs of Graduate Students}},
    year = {2016},
    journal = {The Journal of Academic Librarianship},
    author = {Fong, Bonnie L. and Wang, Minglu and White, Krista and Tipton, Roberta},
    number = {5},
    month = {9},
    pages = {569--580},
    volume = {42},
    url = {http://www.sciencedirect.com/science/article/pii/S0099133316300751},
    doi = {10.1016/j.acalib.2016.06.003},
    issn = {00991333},
    keywords = {Campus partners, Disciplinary differences, Graduate program directors, Graduate students, Needs assessment, Workshops}
}

@article{Fong2016AssessingStudentsc,
    title = {{Assessing and Serving the Workshop Needs of Graduate Students}},
    year = {2016},
    journal = {The Journal of Academic Librarianship},
    author = {Fong, Bonnie L. and Wang, Minglu and White, Krista and Tipton, Roberta},
    number = {5},
    month = {9},
    pages = {569--580},
    volume = {42},
    url = {http://www.sciencedirect.com/science/article/pii/S0099133316300751},
    doi = {10.1016/j.acalib.2016.06.003},
    issn = {00991333},
    keywords = {Campus partners, Disciplinary differences, Graduate program directors, Graduate students, Needs assessment, Workshops}
}

@article{Fong2016AssessingStudentsd,
    title = {{Assessing and Serving the Workshop Needs of Graduate Students}},
    year = {2016},
    journal = {The Journal of Academic Librarianship},
    author = {Fong, Bonnie L. and Wang, Minglu and White, Krista and Tipton, Roberta},
    number = {5},
    month = {9},
    pages = {569--580},
    volume = {42},
    url = {http://www.sciencedirect.com/science/article/pii/S0099133316300751},
    doi = {10.1016/j.acalib.2016.06.003},
    issn = {00991333},
    keywords = {Campus partners, Disciplinary differences, Graduate program directors, Graduate students, Needs assessment, Workshops}
}

@article{Benefiel1997BaselineDesk,
    title = {{Baseline Subject Competencies for the Academic Reference Desk}},
    year = {1997},
    journal = {Reference Services Review},
    author = {Benefiel, Candace R. and Miller, Jeannie P. and Ramirez, Diana},
    number = {1},
    pages = {83--93},
    volume = {25},
    url = {http://www.emeraldinsight.com/journals.htm?articleid=861529%5Cnhttp://www.emeraldinsight.com/journals.htm?issn=0090-7324&volume=25&issue=1&articleid=861529&show=pdf}
}

@article{Fallin2016BeyondSpace,
    title = {{Beyond books: the concept of the academic library as learning space}},
    year = {2016},
    journal = {New Library World},
    author = {Fallin, Lee},
    number = {5/6},
    month = {5},
    pages = {308--320},
    volume = {117},
    publisher = {Emerald Group Publishing Limited},
    url = {http://www.emeraldinsight.com/doi/abs/10.1108/NLW-10-2015-0079?af=R},
    doi = {10.1108/NLW-10-2015-0079},
    issn = {0307-4803},
    keywords = {Information/Academic commons, Learning spaces, Library spaces, Technology, User conceptualisation, User engagement},
    language = {en}
}

@article{BrownBeyondDigitally,
    title = {{Beyond print: reading digitally}},
    author = {Brown, Gary J}
}

@article{Roth2016BuildingBuilder,
    title = {{Building a scalable mobile library orientation activity with Edventure Builder}},
    year = {2016},
    journal = {Library Hi Tech},
    author = {Roth, Amanda and Turnbow, Dominique and Goldman, Crystal and Friedman, Lia},
    number = {1},
    month = {3},
    pages = {36--44},
    volume = {34},
    publisher = {Emerald Group Publishing Limited},
    url = {http://www.emeraldinsight.com/doi/abs/10.1108/LHT-09-2015-0085?af=R#/doi/full/10.1108/LHT-09-2015-0085},
    doi = {10.1108/LHT-09-2015-0085},
    keywords = {First Year Experience, Information literacy, Library instruction, Library orientation, Online scavenger hunt, Successive approximation model (SAM)},
    language = {en}
}

@article{Young2015BuildingMedia,
    title = {{Building library community through social media}},
    year = {2015},
    journal = {Information Technology and Libraries},
    author = {Young, Scott W H and Rossmann, Doralyn},
    number = {1},
    pages = {20--37},
    volume = {34},
    url = {http://www.scopus.com/inward/record.url?eid=2-s2.0-84926486736&partnerID=tZOtx3y1}
}

@article{Hayes2016ChallengesProgram,
    title = {{Challenges to Collaboration and Assessment in an Information Literacy Program}},
    year = {2016},
    author = {Hayes, Tish},
    url = {http://dx.doi.org/10.1016/j.acalib.2016.08.001},
    doi = {10.1016/j.acalib.2016.08.001}
}

@article{Palumbo2016ChampioningSTEM,
    title = {{Championing Institutional Goals: Academic Libraries Supporting Graduate Women in STEM}},
    year = {2016},
    journal = {The Journal of Academic Librarianship},
    author = {Palumbo, Laura},
    number = {3},
    month = {5},
    pages = {192--199},
    volume = {42},
    url = {http://www.sciencedirect.com/science/article/pii/S0099133316300039},
    doi = {10.1016/j.acalib.2016.03.003},
    issn = {00991333},
    keywords = {Academic science libraries, Graduate students, Institutional goals, Library programming, Outreach, Women in STEM}
}

@article{Kern2011CitationSoftware,
    title = {{Citation management software}},
    year = {2011},
    journal = {Reference {\&} User Services Quarterly},
    author = {Kern, M. Kathleen and Hensley, Merinda Kaye},
    number = {3},
    pages = {204--208},
    volume = {50},
    url = {http://rusa.metapress.com/openurl.asp?genre=article&id=doi:10.5860/rusq.50n3.204},
    isbn = {10949054},
    doi = {10.5860/rusq.50n3.204},
    issn = {1094-9054},
    pmid = {201110506020001}
}

@article{Hensley2011CitationFutures,
    title = {{Citation management software: Features and Futures}},
    year = {2011},
    journal = {Reference {\&} User Services Quarterly},
    author = {Hensley, Merinda Kaye and Kern, M. KathleenHensley},
    number = {3},
    pages = {204--208},
    volume = {50},
    keywords = {academic librarians, best practices, bibliographical citations, browsers (computer programs), software, user education}
}

@article{Childress2011CitationInstruction,
    title = {{Citation Tools in Academic Libraries: Best Practices for Reference and Instruction}},
    year = {2011},
    journal = {Reference {\&} User Services Quarterly},
    author = {Childress, Dawn},
    number = {2},
    pages = {143--152},
    volume = {51},
    url = {http://search.ebscohost.com/login.aspx?direct=true&db=a9h&AN=69858662&lang=hr&site=ehost-live&scope=site%5Cnhttp://content.ebscohost.com/ContentServer.asp?T=P&P=AN&K=69858662&S=R&D=a9h&EbscoContent=dGJyMNXb4kSep7I4yNfsOLCmr02ep65Sr6e4SLOWxWXS&ContentCusto}
}

@article{YAMAKAWA2014ComparingZotero,
    title = {{Comparing the bibliographic management softwares: Mendeley, EndNote and Zotero}},
    year = {2014},
    journal = {TransInforma{\c{c}}{\~{a}}o, Campinas},
    author = {YAMAKAWA, Eduardo Kazumi and KUBOTA, Flávio Issao and BEUREN, Fernanda Hansch and SCALVENZI, Lisiane and CAUCHICK-MIGUEL, Paulo Augusto},
    number = {2},
    pages = {167--176},
    volume = {26},
    isbn = {0103-3786  UL  - http://www.scielo.br/scielo.php?script=sci{\_}arttext{\&}pid=S0103-37862014000200167{\&}nrm=iso},
    doi = {10.1590/0103-37862014000200006},
    issn = {0103-3786},
    pmid = {22230993},
    keywords = {bibliographic management, bibliographic reference, comparison, endnote, mendeley, zotero}
}

@article{Zhang2012ComparisonTools,
    title = {{Comparison of Select Reference Management Tools}},
    year = {2012},
    journal = {Medical Reference Services Quarterly},
    author = {Zhang, Yingting},
    number = {1},
    pages = {45--60},
    volume = {31},
    keywords = {agement tools, bibliographic management software, bookmarking, citation generators, citation managers, connotea, endnote, endnote web, mendeley desktop, mendeley web, reference man-, reference managers, reference organizers, research, tools}
}

@article{Kratochvil2016ComparisonZotero,
    title = {{Comparison of the Accuracy of Bibliographical References Generated for Medical Citation Styles by EndNote, Mendeley, RefWorks and Zotero}},
    year = {2016},
    journal = {The Journal of Academic Librarianship},
    author = {Kratochv{\'{i}}l, Jiří},
    doi = {10.1016/j.acalib.2016.09.001},
    issn = {00991333}
}

@article{Pilerot2014ConnectionsPropositions,
    title = {{Connections between research and practice in the information literacy narrative: A mapping of the literature and some propositions}},
    year = {2014},
    journal = {Journal of Librarianship and Information Science},
    author = {Pilerot, Ola},
    pages = {1--9},
    url = {http://lis.sagepub.com/cgi/doi/10.1177/0961000614559140},
    doi = {10.1177/0961000614559140},
    issn = {0961-0006},
    keywords = {bibliometrics, information literacy, policy-makers, practitioners, researchers}
}

@article{WuContentLibraries,
    title = {{Content management and the future of academic libraries}},
    author = {Wu, Yuhfen Diana and Liu, Mengxiong}
}

@article{Melilli2016ContributingProgram,
    title = {{Contributing to the Library Student Employee Experience: Perceptions of a Student Development Program}},
    year = {2016},
    journal = {The Journal of Academic Librarianship},
    author = {Melilli, Amanda and Mitola, Rosan and Hunsaker, Amy},
    number = {4},
    month = {7},
    pages = {430--437},
    volume = {42},
    url = {http://www.sciencedirect.com/science/article/pii/S0099133316300180},
    doi = {10.1016/j.acalib.2016.04.005},
    issn = {00991333},
    keywords = {Academic libraries, Higher education, Staff development, Student assistants, Student employees}
}

@article{Rao2016CostStudy,
    title = {{Cost of Print and Digital Books: A Comparative Study}},
    year = {2016},
    journal = {The Journal of Academic Librarianship},
    author = {Rao, K. Nageswara and Tripathi, Manorama and Kumar, Sunil},
    number = {4},
    month = {7},
    pages = {445--452},
    volume = {42},
    url = {http://www.sciencedirect.com/science/article/pii/S0099133316300167},
    doi = {10.1016/j.acalib.2016.04.003},
    issn = {00991333},
    keywords = {Commercial publishers, E-books, Print books, University presses}
}

@article{Elmborg2006CriticalPractice,
    title = {{Critical information literacy: Implications for instructional practice}},
    year = {2006},
    journal = {Journal of Academic Librarianship},
    author = {Elmborg, James},
    number = {2},
    month = {3},
    pages = {192--199},
    volume = {32}
}

@misc{MacMillan2014DataKnow,
    title = {{Data sharing and discovery: What librarians need to know}},
    year = {2014},
    booktitle = {Journal of Academic Librarianship},
    author = {MacMillan, Don},
    number = {5},
    month = {9},
    pages = {541--549},
    volume = {40},
    publisher = {Elsevier Ltd},
    keywords = {Academic librarians, Data discovery, Data literacy, Data repositories, Data sharing}
}

@article{Bruehl2015DemystifyingDesign,
    title = {{Demystifying the Chemistry Literature: Building Information Literacy in First-Year Chemistry Students through Student-Centered Learning and Experiment Design}},
    year = {2015},
    journal = {Journal of Chemical Education},
    author = {Bruehl, Margaret and Pan, Denise and Ferrer-Vinent, Ignacio J.},
    number = {1},
    month = {1},
    pages = {52--57},
    volume = {92},
    url = {http://pubs.acs.org/doi/abs/10.1021/ed500412z},
    doi = {10.1021/ed500412z},
    issn = {0021-9584}
}

@article{JanesDescriptiveFall,
    title = {{Descriptive statistics: where they sit and how they fall}},
    author = {Janes, Joseph}
}

@article{Oliver-Hoyo2003DesigningCourse,
    title = {{Designing a Written Assignment To Promote the Use of Critical Thinking Skills in an Introductory Chemistry Course}},
    year = {2003},
    journal = {Journal of Chemical Education},
    author = {Oliver-Hoyo, Maria T.},
    number = {8},
    month = {8},
    pages = {899},
    volume = {80},
    url = {http://pubs.acs.org/doi/abs/10.1021/ed080p899},
    doi = {10.1021/ed080p899},
    issn = {0021-9584}
}

@article{Oliver-Hoyo2003DesigningCourseb,
    title = {{Designing a Written Assignment To Promote the Use of Critical Thinking Skills in an Introductory Chemistry Course}},
    year = {2003},
    journal = {Journal of Chemical Education},
    author = {Oliver-Hoyo, Maria T.},
    number = {8},
    month = {8},
    pages = {899},
    volume = {80},
    url = {http://pubs.acs.org/doi/abs/10.1021/ed080p899},
    doi = {10.1021/ed080p899},
    issn = {0021-9584}
}

@article{Ellison2016DesigningLibrary,
    title = {{Designing the learning spaces of a university library}},
    year = {2016},
    journal = {New Library World},
    author = {Ellison, Wendy},
    number = {5/6},
    month = {5},
    pages = {294--307},
    volume = {117},
    publisher = {Emerald Group Publishing Limited},
    url = {http://www.emeraldinsight.com/doi/abs/10.1108/NLW-01-2016-0006?af=R},
    doi = {10.1108/NLW-01-2016-0006},
    issn = {0307-4803},
    keywords = {Academic libraries, Learning environments, Learning spaces, Library architecture, Library design, Student needs},
    language = {en}
}

@article{Durrance2003DeterminingHelp,
    title = {{Determining how libraries and librarians help}},
    year = {2003},
    journal = {Library Trends},
    author = {Durrance, Joan C and Fisher, Karen E},
    number = {4},
    pages = {541--570},
    volume = {51},
    url = {http://search.proquest.com/docview/220442395?accountid=11921}
}

@article{Stephenson2016DevelopingLaboratory,
    title = {{Developing critical thinking skills using the Science Writing Heuristic in the chemistry laboratory}},
    year = {2016},
    journal = {Chem. Educ. Res. Pract.},
    author = {Stephenson, N. S. and Sadler-McKnight, N. P.},
    number = {1},
    pages = {72--79},
    volume = {17},
    url = {http://xlink.rsc.org/?DOI=C5RP00102A},
    doi = {10.1039/C5RP00102A},
    issn = {1109-4028}
}

@article{Stephenson2016DevelopingLaboratoryb,
    title = {{Developing critical thinking skills using the Science Writing Heuristic in the chemistry laboratory}},
    year = {2016},
    journal = {Chem. Educ. Res. Pract.},
    author = {Stephenson, N. S. and Sadler-McKnight, N. P.},
    number = {1},
    pages = {72--79},
    volume = {17},
    url = {http://xlink.rsc.org/?DOI=C5RP00102A},
    doi = {10.1039/C5RP00102A},
    issn = {1109-4028}
}

@article{Kong2014DevelopingStrategy,
    title = {{Developing information literacy and critical thinking skills through domain knowledge learning in digital classrooms: An experience of practicing flipped classroom strategy}},
    year = {2014},
    journal = {Computers and Education},
    author = {Kong, Siu Cheung},
    pages = {160--173},
    volume = {78},
    publisher = {Elsevier Ltd},
    keywords = {Applications in subject areas, Improving classroom teaching, Pedagogical issues, Secondary education, Teaching/learning strategies}
}

@article{Kong2014DevelopingStrategyb,
    title = {{Developing information literacy and critical thinking skills through domain knowledge learning in digital classrooms: An experience of practicing flipped classroom strategy}},
    year = {2014},
    journal = {Computers and Education},
    author = {Kong, Siu Cheung},
    pages = {160--173},
    volume = {78},
    publisher = {Elsevier Ltd},
    keywords = {Applications in subject areas, Improving classroom teaching, Pedagogical issues, Secondary education, Teaching/learning strategies}
}

@article{TreftsDidInstruction,
    title = {{Did you hear the one about the Boolean operators? Incorporating comedy into library instruction}},
    author = {Trefts, Kristin and Blakeslee, Sarah}
}

@article{Buschman2016DifferentStatus,
    title = {{Different, but More Similar Now: Faculty Status}},
    year = {2016},
    journal = {The Journal of Academic Librarianship},
    author = {Buschman, John},
    number = {4},
    month = {7},
    pages = {476--477},
    volume = {42},
    url = {http://www.sciencedirect.com/science/article/pii/S0099133316300325},
    doi = {10.1016/j.acalib.2016.04.019},
    issn = {00991333}
}

@article{Kim2016DimensionsPlace,
    title = {{Dimensions of User Perception of Academic Library as Place}},
    year = {2016},
    journal = {The Journal of Academic Librarianship},
    author = {Kim, Jong-Ae},
    number = {5},
    month = {9},
    pages = {509--514},
    volume = {42},
    url = {http://www.sciencedirect.com/science/article/pii/S0099133316300933},
    doi = {10.1016/j.acalib.2016.06.013},
    issn = {00991333},
    keywords = {Academic library, Library as place, Place, Public sphere, Sense of place, Third place}
}

@article{BurkE-bookCustomers,
    title = {{E-book devices and the marketplace: in search of customers}},
    author = {Burk, Roberta}
}

@article{BurkE-bookCustomersb,
    title = {{E-book devices and the marketplace: in search of customers}},
    author = {Burk, Roberta}
}

@article{Dewan2016EconomicReading,
    title = {{Economic well-being and social justice through pleasure reading}},
    year = {2016},
    journal = {New Library World},
    author = {Dewan, Pauline},
    number = {9/10},
    month = {10},
    pages = {557--567},
    volume = {117},
    publisher = {Emerald},
    url = {http://dx.doi.org/10.1108/NLW-03-2016-0019},
    doi = {10.1108/NLW-03-2016-0019},
    issn = {0307-4803}
}

@article{WorleyEducatingGeneration,
    title = {{Educating College Students of the Net Generation}},
    author = {Worley, Karen}
}

@article{AriasTerryElectronicFuture,
    title = {{Electronic ink technologies: showing the way to a brighter future}},
    author = {Arias Terry, Ana}
}

@article{Bergstrom2002ElectronicWhom,
    title = {{Electronic subscriptions to scientific journals: a boon for whom?}},
    year = {2002},
    journal = {Zoology},
    author = {Bergstrom, Carl T and Bergstrom, Theodore C}
}

@article{Kvenild2016EmbeddedTrenches,
    title = {{Embedded librarianship: questions and answers from librarians in the trenches}},
    year = {2016},
    journal = {Library Hi Tech News},
    author = {Kvenild, Cassandra and Tumbleson, Beth E. and Burke, John J. and Calkins, Kaijsa},
    number = {2},
    month = {4},
    pages = {8--11},
    volume = {33},
    publisher = {Emerald Group Publishing Limited},
    url = {http://www.emeraldinsight.com/doi/abs/10.1108/LHTN-11-2015-0078?af=R},
    isbn = {LHTN-11-2015-0078},
    doi = {10.1108/LHTN-11-2015-0078},
    issn = {0741-9058},
    keywords = {Distance learning, Embedded librarianship, Information literacy, Learning management systems, Library instruction, Library services},
    language = {en}
}

@article{Windsor2014EmbeddingScience,
    title = {{Embedding Graduate Attributes at the Inception of a Chemistry Major in a Bachelor of Science}},
    year = {2014},
    journal = {Journal of Chemical Education},
    author = {Windsor, Sarah A.M. and Rutter, Kerry and McKay, David B. and Meyers, Noel},
    number = {12},
    month = {12},
    pages = {2078--2083},
    volume = {91},
    publisher = {American Chemical Society and Division of Chemical Education, Inc.},
    url = {http://pubs.acs.org/doi/abs/10.1021/ed5001526},
    doi = {10.1021/ed5001526},
    issn = {0021-9584},
    keywords = {Curriculum, First-Year Undergraduate/General, Learning Theories, Second-Year Undergraduate, Upper-Division Undergraduate}
}

@article{KonomosEvaluatingLibraries,
    title = {{Evaluating the use of public PC workstations at the Arizona State University Libraries}},
    author = {Konomos, Philip and Herrington, Scott}
}

@article{Nelson2012EvidenceHearing,
    title = {{Evidence for website claims about the benefits of teaching sign language to infants and toddlers with normal hearing}},
    year = {2012},
    journal = {Infant and Child Development},
    author = {Nelson, Lauri H. and White, Karl R. and Grewe, Jennifer},
    isbn = {9781606235195},
    doi = {10.1002/icd.1748},
    issn = {15227227},
    pmid = {19112517},
    keywords = {Baby sign language, Sign language for hearing toddlers}
}

@article{Carbery2015Evidence-basedDesign.,
    title = {{Evidence-based instruction: assessing student work using rubrics and citation analysis to inform instructional design.}},
    year = {2015},
    journal = {Journal of Information Literacy},
    author = {Carbery, Alan and Leahy, Sean},
    number = {1},
    pages = {74--90},
    volume = {9},
    url = {http://search.ebscohost.com/login.aspx?direct=true&db=lih&AN=103448326&site=ehost-live&scope=site},
    keywords = {AUTHENTIC assessment, CHAMPLAIN College, CITATION analysis, INFORMATION literacy, LIBRARIANS, SCORING rubrics, USA, academic libraries, authentic assessment, citation analysis, higher education, information literacy, instructional design, performance outcomes, rubric-based assessment, undergraduate students}
}

@article{Carbery2015Evidence-basedDesign.b,
    title = {{Evidence-based instruction: assessing student work using rubrics and citation analysis to inform instructional design.}},
    year = {2015},
    journal = {Journal of Information Literacy},
    author = {Carbery, Alan and Leahy, Sean},
    number = {1},
    pages = {74--90},
    volume = {9},
    url = {http://search.ebscohost.com/login.aspx?direct=true&db=lih&AN=103448326&site=ehost-live&scope=site},
    keywords = {AUTHENTIC assessment, CHAMPLAIN College, CITATION analysis, INFORMATION literacy, LIBRARIANS, SCORING rubrics, USA, academic libraries, authentic assessment, citation analysis, higher education, information literacy, instructional design, performance outcomes, rubric-based assessment, undergraduate students}
}

@article{XiaoExperiencingEnvironment,
    title = {{Experiencing the library in a panorama virtual reality environment}},
    author = {Xiao, Daniel Yi}
}

@article{Lippmann2013FacilitatingEngagement,
    title = {{Facilitating Class Sessions for Ego-Piercing Engagement}},
    year = {2013},
    journal = {New Directions for Teaching and Learning},
    author = {Lippmann, Stephen},
    number = {135},
    month = {9},
    pages = {43--48},
    volume = {2013},
    url = {http://doi.wiley.com/10.1002/tl.20063},
    doi = {10.1002/tl.20063},
    issn = {02710633},
    keywords = {classroom management -- universities {\&} colleges, course content (education), ego (psychology) in adolescence, generation y -- education, social interaction in youth, teacher-student communication}
}

@article{Walters2016FacultyUniversities,
    title = {{Faculty status of librarians at U.S. research universities}},
    year = {2016},
    journal = {Journal of Academic Librarianship},
    author = {Walters, William H.},
    doi = {10.1016/j.acalib.2015.11.002},
    issn = {00991333},
    keywords = {Academic librarians, Factor analysis, Faculty status, Tenure}
}

@article{Alcock2016FindSyllabi,
    title = {{Find the gap: evaluating library instruction reach using syllabi}},
    year = {2016},
    journal = {Journal of Information Literacy},
    author = {Alcock, Erin and Rose, Kathryn},
    number = {1},
    month = {6},
    pages = {86},
    volume = {10},
    url = {http://jil.lboro.ac.uk/ojs/index.php/JIL/article/view/LLC-V10-I1},
    doi = {10.11645/10.1.2038},
    issn = {1750-5968},
    keywords = {Canada, LILAC, academic libraries, collaboration, curriculum evaluation, faculty, higher education, information literacy, library instruction},
    language = {en}
}

@article{Alcock2016FindSyllabib,
    title = {{Find the gap: evaluating library instruction reach using syllabi}},
    year = {2016},
    journal = {Journal of Information Literacy},
    author = {Alcock, Erin and Rose, Kathryn},
    number = {1},
    month = {6},
    pages = {86},
    volume = {10},
    url = {http://jil.lboro.ac.uk/ojs/index.php/JIL/article/view/LLC-V10-I1},
    doi = {10.11645/10.1.2038},
    issn = {1750-5968},
    keywords = {Canada, LILAC, academic libraries, collaboration, curriculum evaluation, faculty, higher education, information literacy, library instruction},
    language = {en}
}

@article{Loo2016FlippedLibrarians,
    title = {{Flipped Instruction for Information Literacy: Five Instructional Cases of Academic Librarians}},
    year = {2016},
    journal = {Journal of Academic Librarianship},
    author = {Loo, Jeffery L. and Eifler, David and Smith, Elliott and Pendse, Liladhar and He, Jianye and Sholinbeck, Michael and Tanasse, Gisele and Nelson, Jennifer K. and Dupuis, Elizabeth A.},
    number = {3},
    month = {5},
    pages = {273--280},
    volume = {42},
    publisher = {Elsevier Ltd},
    keywords = {Academic libraries, Active learning, Flipped instruction, Information literacy, Instructional design, Library instruction}
}

@article{Loo2016FlippedLibrariansb,
    title = {{Flipped Instruction for Information Literacy: Five Instructional Cases of Academic Librarians}},
    year = {2016},
    journal = {Journal of Academic Librarianship},
    author = {Loo, Jeffery L. and Eifler, David and Smith, Elliott and Pendse, Liladhar and He, Jianye and Sholinbeck, Michael and Tanasse, Gisele and Nelson, Jennifer K. and Dupuis, Elizabeth A.},
    number = {3},
    month = {5},
    pages = {273--280},
    volume = {42},
    publisher = {Elsevier Ltd},
    keywords = {Academic libraries, Active learning, Flipped instruction, Information literacy, Instructional design, Library instruction}
}

@article{Eckel2007FosteringDesk,
    title = {{Fostering Self-Regulated Learning at the Reference Desk inFormation Literacy and instruction Fostering Self-Regulated Learning at the Reference desk}},
    year = {2007},
    author = {Eckel, Edward J and Arp, Lori and Woodard, Beth S},
    url = {http://scholarworks.wmich.edu/library_pubs http://scholarworks.wmich.edu/library_pubs/3}
}

@article{Rempel2011GraduateSolution,
    title = {{Graduate Student Space and Service Needs: A Recommendation for a Cross-campus Solution}},
    year = {2011},
    journal = {Journal of Academic Librarianship},
    author = {Rempel, Hannah Gascho and Hussong-Christian, Uta and Mellinger, Margaret},
    isbn = {0099-1333},
    doi = {10.1016/j.acalib.2011.07.004},
    issn = {00991333}
}

@article{Rempel2011GraduateSolutionb,
    title = {{Graduate Student Space and Service Needs: A Recommendation for a Cross-campus Solution}},
    year = {2011},
    journal = {Journal of Academic Librarianship},
    author = {Rempel, Hannah Gascho and Hussong-Christian, Uta and Mellinger, Margaret},
    isbn = {0099-1333},
    doi = {10.1016/j.acalib.2011.07.004},
    issn = {00991333}
}

@article{Rempel2011GraduateSolutionc,
    title = {{Graduate Student Space and Service Needs: A Recommendation for a Cross-campus Solution}},
    year = {2011},
    journal = {Journal of Academic Librarianship},
    author = {Rempel, Hannah Gascho and Hussong-Christian, Uta and Mellinger, Margaret},
    isbn = {0099-1333},
    doi = {10.1016/j.acalib.2011.07.004},
    issn = {00991333}
}

@article{Lau2006GuidelinesLearning,
    title = {{Guidelines on Information Literacy for Lifelong Learning}},
    year = {2006},
    journal = {Retrieved October},
    author = {Lau, Jesús},
    pages = {60},
    url = {http://www.jesuslau.com/docs/publicaciones/doc2/Iflaguidelines.pdf},
    keywords = {alfabetizaci{\'{o}}n informacional, information literacy}
}

@article{Oh2013HealthQA,
    title = {{Health answer quality evaluation by librarians, nurses, and users in social Q{\&}A}},
    year = {2013},
    journal = {Library and Information Science Research},
    author = {Oh, Sanghee and Worrall, Adam},
    number = {4},
    month = {10},
    pages = {288--298},
    volume = {35}
}

@article{Koh2016HistoricalDesign,
    title = {{Historical insights for ebook design}},
    year = {2016},
    journal = {Library Hi Tech},
    author = {Koh, HyunSeung and Herring, Susan C},
    number = {4},
    month = {11},
    pages = {764--786},
    volume = {34},
    publisher = {Emerald},
    url = {http://www.emeraldinsight.com/doi/abs/10.1108/LHT-06-2016-0075},
    doi = {10.1108/LHT-06-2016-0075},
    issn = {0737-8831}
}

@article{Cox2016HowResearch,
    title = {{How academic librarians, IT staff, and research administrators perceive and relate to research}},
    year = {2016},
    author = {Cox, Andrew M and Verbaan, Eddy},
    doi = {10.1016/j.lisr.2016.11.004}
}

@article{Scott2016IfEducation,
    title = {{If We Frame It, They Will Respond: Undergraduate Student Responses to the Framework for Information Literacy for Higher Education}},
    year = {2016},
    journal = {The refe},
    author = {Scott, R.E.},
    number = {decebmer},
    keywords = {Information literacy, academic libraries, instruction, pretests, undergraduate students}
}

@article{Lowe2016ImpactWriting,
    title = {{Impact of Assignment Prompt on Information Literacy Performance in First-year Student Writing}},
    year = {2016},
    journal = {Journal of Academic Librarianship},
    author = {Lowe, M. Sara and Stone, Sean M. and Booth, Char and Tagge, Natalie},
    isbn = {0099-1333},
    doi = {10.1016/j.acalib.2016.01.002},
    issn = {00991333},
    keywords = {Assignment prompts, Information Literacy}
}

@misc{TheMendeleySupportTeam2011ImportMendeley,
    title = {{Import citations into your digital library using the Mendeley Web Importer | Mendeley}},
    year = {2011},
    booktitle = {Mendeley Desktop},
    author = {{The Mendeley Support Team}},
    pages = {1--16},
    publisher = {Mendeley Ltd.},
    url = {http://www.mendeley.com/import/%5Cnhttp://aoc.gov/paintings-0%5Cnhttp://www.mendeley.com/import/},
    isbn = {019514385X},
    doi = {10.1016/j.cardfail.2009.03.006},
    issn = {15328414},
    pmid = {18244883},
    arxivId = {1003.3921v1},
    keywords = {Mendeley, academic research, academic software, academics, bibliography, digital library, how-to, library management, library software, reference software, research paper, research tool, researcher, user manual}
}

@misc{Bwoman2013LibGuides.Home.,
    title = {{LibGuides. Manage Citations with Zotero, Mendeley and EndNote. Home.}},
    year = {2013},
    booktitle = {Manage Citations with Zotero, Mendeley and EndNote},
    author = {Bwoman, Michael and Farkas, Meredith},
    url = {http://guides.library.pdx.edu/managecitations?hs=a},
    keywords = {Home Manage Citations with Zotero, Mendeley and EndNote LibGuides}
}

@article{Shrivastava2016RelationshipILL,
    title = {{Relationship between citation counts and Mendeley readership metrics (ordereed ILL)}},
    year = {2016},
    journal = {New Library World},
    author = {Shrivastava, Rishabh and Mahajan, Preeti},
    number = {3/4},
    month = {3},
    pages = {229--238},
    volume = {117},
    publisher = {Emerald Group Publishing Limited},
    url = {http://www.emeraldinsight.com/doi/abs/10.1108/NLW-09-2015-0064?af=R},
    doi = {10.1108/NLW-09-2015-0064},
    keywords = {Altmetrics, Bibliometrics, Mendeley, Physics, Research evaluation, Scopus},
    language = {en}
}

@article{Duong2010RollingEfforts,
    title = {{Rolling Out Zotero Across Campus as a Part of a Science Librarian's Outreach Efforts}},
    year = {2010},
    journal = {Science {\&} Technology Libraries},
    author = {Duong, Khue},
    number = {4},
    pages = {315--324},
    volume = {29}
}

@article{Puckett2010SuperpowerZotero,
    title = {{Superpower your browser with LibX and Zotero}},
    year = {2010},
    journal = {College {\&} Research Libraries News},
    author = {Puckett, Jason},
    number = {2},
    pages = {70--97},
    volume = {71},
    url = {http://search.ebscohost.com/login.aspx?direct=true&db=aph&AN=48141053&site=ehost-live&scope=cite}
}

@article{Mahajan2013TakingReferencing,
    title = {{Taking control of your digital library: How modern citation managers do more than just referencing}},
    year = {2013},
    journal = {Chest},
    author = {Mahajan, Amit K. and Hogarth, D. Kyle},
    number = {6},
    month = {12},
    pages = {1930--1933},
    volume = {144}
}